{1:F01KOBSMK2XAXXX1201000000}{2:I940KOBSMK2XXXXXN}{4:
:20:STM123201201
:25:300000002778989
:28C:123/1
:60F:C201201MKD35122,
:61:2012011201DD80,NMSC25594900
:86:/BENM/300000000000133
/KOMERCIJALNA BANKA AD SKOPJE-CENTRALA SKul. Orce Nikolov br.3
/Mesecna provizija//160309522-70100246004
/Mesecen nadomest za odrzuvane nadevizna smetka za 11.2020
:61:2012011201DD300,NMSC25488504
:86:/BENM/300000000000618
/KOMERCIJALNA BANKA AD SKOPJE - PROVIZIJA
/EMPTY/
/Mesecna provizija za mesec 11/2020
:61:2012011201CD2250,NMSCNONREF//25577226
:86:/ORDP/300000000460495
/IVOTEHNA DOOEL SKOPJE
/747//747
/Uplata po faktura 747
:62F:C201201MKD36992,
-}