{1:F01KOBSMK2XAXXX1009000000}{2:I940KOBSMK2XXXXXN}{4:
:20:STM94201009
:25:300000002778989
:28C:94/1
:60F:C201009MKD185723,
:61:2010091009DD3245,NMSC21038855
:86:/BENM/300000003998473
/MAKEDONSKI TELEKOM AD - SKOPJE
/5,6,7,8m//026415102020
/Pl.po osnov na izvr.uslugi pomegu prav.subjekti osven po osnov n
:61:2010091009DD6000,NMSC21040233
:86:/BENM/300000004346606
/MOL KOMUNIKACII DOOEL SKOPJE- namenska za viza biznis debit
/00//00
/Pl. prenos na sredstva na isto pravno lice od s-ka na edna na s-
:61:2010091009DD8069,NMSC21032538
:86:/BENM/300000003896235
/A1 MAKEDONIJA DOOEL SKOPJE - POSTPEJD
/00//104464944237
/Pl.po osnov na promet na proiz.i stoki pomegu prav.subj.osv.po o
:61:2010091009DD8631,NMSC21042681
:86:/BENM/300000004359410
/EVN HOME DOO SKOPJE
/4,5,6,7,8,9m//002374606-11036747100
/potrosena elektricna energija
:61:2010091009DD9000,NMSC21040091
:86:/BENM/300000000082874
/ZOLA - KOMERC DOOEL SKOPJE
/00//00
/povrat na pozajmica
:61:2010091009DD16000,NMSC21002027
:86:/BENM/300007016362243
/ALEKSANDAR POPOVSKI
/00//00
/Ostanati plakana
:61:2010091009CD73700,NMSCNONREF//21051645
:86:/ORDP/530500003804588
/HRISTO JANKOV Dane Krapcev br.20 S
/000//000
/Plakane na sredstva po osnov na dadena pozajmica na pravno lice
:62F:C201009MKD208478,
-}