{1:F01KNABNL2HAXXX0000000000}{2:I940KNABNL2HXXXXN3020}{4:
:20:C0D28MSTE73HKBCM
:25:NL52RABO0326203011
:28C:108/1
:60F:C200427EUR12490,07
:61:2004270427C567,42N110NONREF//C0D27XM01D000031
:86:/TRTP/OVERBOEKING/IBAN/123/BIC/SXPYDEHHXX
X/NAME/STRIPE PAYMENTS UK LTD/REMI/SHOPIFY D3DJ2
:62F:C200428EUR13057,49
-}