{1:F01KNABNL2HAXXX0000000000}{2:I940KNABNL2HXXXXN3020}{4:
:20:B5L04MSAU20N3I99
:25:0762918446
:28C:20/3
:60M:C151203EUR1000,21
:61:1512031203D15,NTRFNONREF
:61:1512031203D15,NTRF03-12-2015 15:58
:86:61385002542767281000000000000000000 6676341986995664 TEST PURCHAS
567890
REK: NL52RABO0326203011/NAAM: SOME NAME
:61:1512031203D10,NTRFNONREF
:86:03-12-2015 16:04 PAS: 1122
NAAM: ATM (DESCRIPTION)
:61:1512031203D15,NTRFNONREF
:86:03-12-2015 16:04 PAS: 1122
NAAM: POS
:61:1604290429D96,84N105NONREF//B6D29PGWUM0RDZ4H
:86:/TRTP/SEPA ACCEPTGIRO/IBAN/NL83ABNA0437015300/BIC/ABNANL2AXXX /NAME/ACHMEA SCHADEVERZEKERINGEN N.V./EREF/5002100023310160 /REMI/EERSTE MAAND, MAART VERZEKERING 5002100023 310160
:62M:C151203EUR945,21
-}