:940:
:20:940S130403
:25:NL50RABO0123456789
:28C:0
:60F:C130402EUR000000001147,95

:61:151208D000000000098,99N102EREF
NL44RABO0123456789
:86:/EREF/08-12-2015 10:22 0030001100999991/BENM//NAME/Rabobank RCKV/
REMI/20151208123123987 0030001100999991 Rabobank.nl - Order 347347

:61:151208D000000000840,20N586PREF
0000000000
:86:/PREF/PmtInfId-20151208-987

:61:151208D000000000840,20N586PREF
0000000000
:86:/PREF/PmtInfId-20151208-987/SOMETHING ELSE

:62F:C130404EUR000000018846,34