:940:
:20:940A030107
:25:0800003200000001610722 EUR
:28:00000/00
:60F:C030106EUR000000000000.00
:62F:C030107EUR000000002145.00
:20:940A030108
:25:0800003200000001610722 EUR
:28:00000/00
:60F:C030107EUR000000002145.00
:62F:C030108EUR000000002145.00
:20:940A030109
:25:0800003200000001610722 EUR
:28:00000/00
:60F:C030108EUR000000002145.00
:62F:C030109EUR000000002145.00
:20:940A030107
:25:1017.490.554EUR
:28:00000/00
:60F:C030106EUR000000000000.00
:62F:C030107EUR000000020000.00
:20:940A030108
:25:1017.490.554EUR
:28:00000/00
:60F:C030107EUR000000020000.00
:61:030109C000000000300.00NMSC170059286
:86:Demo gebruiker
:86:Spaarpot kantine
:61:030109C000000000300.00NMSCNONREF
:86:Contante storting Overige
:62F:C030108EUR000000020500.00
:20:940A030109
:25:1017.490.554EUR
:28:00000/00
:60F:C030108EUR000000020500.00
:61:030109C000000000500.00NMSCNONREF
:86:OVERBOEKING
:62F:C030109EUR000000020366.00
:20:940A030107
:25:1700.32.841EUR
:28:00000/00
:60F:C030106EUR000000000000.00
:62F:C030107EUR000000010500.00
:20:940A030108
:25:1700.32.841EUR
:28:00000/00
:60F:C030107EUR000000010500.00
:62F:C030108EUR000000010100.00
:20:940A030109
:25:1700.32.841EUR
:28:00000/00
:60F:C030108EUR000000010100.00
:61:030111D000000000500.00NMSC1173113681      ROBECO
:86:AANKOOP FONDSEN
:61:030111D000000000100.00NMSC1173113681      ROBECO
:86:AANKOOP FONDSEN
:61:030111C000000000100.00NMSC1173113681      ROBECO
:86:VERKOOP FONDSEN
:62F:C030109EUR000000010000.00
:20:940A030107
:25:1700.59.286EUR
:28:00000/00
:60F:C030106EUR000000000000.00
:62F:D030107EUR000000003550.00
:20:940A030108
:25:1700.59.286EUR
:28:00000/00
:60F:D030107EUR000000003550.00
:62F:D030108EUR000000003550.00
:20:940A030109
:25:1700.59.286EUR
:28:00000/00
:60F:D030108EUR000000003550.00
:62F:D030109EUR000000003550.00
:20:940A030107
:25:1700.59.286USD
:28:00000/00
:60F:C030106USD000000000000.00
:62F:C030107USD000000000482.41
:20:940A030108
:25:1700.59.286USD
:28:00000/00
:60F:C030107USD000000000482.41
:62F:C030108USD000000165282.41
:20:940A030109
:25:1700.59.286USD
:28:00000/00
:60F:C030108USD000000165282.41
:61:030110C000000043985.66NMSCNONREF          MR AND MRS DAVIDS
:86:INV. 18
:61:030110D000000001000.00NMSCNONREF          GALAXY SHIPPING LTD
:86:47575,68584-84
:61:030112C000000000625.00NMSCNONREF          CHIPPER FOODS
:86:REFUND ON 23-12-99
:61:030111C000000121189.65NMSCNONREF          CHIPPER FOODS
:86:INVOICE 38
:62F:C030109USD000000165490.41
:64:C030109USD000000164657.41
:65:C030110USD000000165282.41
:65:C030113USD000000165282.41
:65:C030114USD000000165282.41
:65:C030115USD000000165282.41
:20:940A030104
:25:1700.59.308EUR
:28:00000/00
:60F:C030106EUR000000022345.10
:61:030105C000000000350.43NMSCP1901950        P.D.VAN BINSBERGEN
:86:VOLGENS AFSPRAAK
:61:030105C000000000299.47NMSC230346979       STG. DEHON INTERNATIONAL
:86:FAKTUUR 3549
:61:030105C000000000282.81NMSC527423068       SHANG-FI PRODUCTS
:86:KLANTNUMMER 3691/ FAKTUUR 49459
:61:030105C000000001406.50NMSC151500134       DE LUXE BV
:86:FAKTUUR 605670-009
:61:030105C000000000772.55NMSCNONREF          AFREK. BETAALAUTOMATEN
:86:BANKENTRANS 8F  772,55
:86:POSTBANKTR. 0F    0,00
:86:J. VAN DE BRUSSELSEPOORT
:62F:C030104EUR000000034160.25
:20:940A030105
:25:1700.59.308EUR
:28:00000/00
:60F:C030107EUR000000001000.00
:61:030106C000000003288.86NMSCNONREF          AFREK. BETAALAUTOMATEN
:86:BANKENTRANS  41  F  2505,37
:86:POSTBANKTR.  13  F   783,49
:62F:C030105EUR000000022345.10
:20:940A030106
:25:1700.59.308EUR
:28:00000/00
:60F:C030108EUR000000061914.51
:61:030109D000000004110.00NMSCP1730480        MIJ.INTERCOMM GASVOORZ O
:86:717.76.000.09 BTW F 611,53
:86:EMMASTR 100 TELESTAD
:86:TERMYN MAART 2000
:61:030109D000000000110.00NMSC644530030       INSTANT-LOTERY, STG.NAT
:86:AFREKENING T/M 17-09-2002
:86:NAT.INSTANTLOTERY
:86:130095 NR. AGENT KRASLOTERIJ
:61:030109C000000040310.50NMSCNONREF          BUITENLANDSE OVERBOEKING
:86:ZIE BIJLAGE
:61:030109C000000006700.00NMSCNONREF          STORTING
:61:030109C000000005404.85NMSCNONREF          AFREK. BETAALAUTOMATEN
:86:BANKENTRANS  52  F  4663,63
:86:POSTBANKTR.  10  F   741,22
:86:VERK.PUNT PERIODE 079
:62F:C030106EUR000000022345.10
:20:940A030107
:25:1700.59.308EUR
:28:00000/00
:60F:C030106EUR000000022345.10
:62F:C030107EUR000000001000.00
:20:940A030108
:25:1700.59.308EUR
:28:00000/00
:60F:C030107EUR000000001000.00
:62F:C030108EUR000000061914.51
:20:940A030109
:25:1700.59.308EUR
:28:00000/00
:60F:C030108EUR000000061914.51
:61:030111C000000000250.00NMSC481246134       WASWIT BV
:86:KLANT 45680/ FAKTUUR 472564 ONDER
:86:AFTREK VAN 2% BETALINGSKORTING.
:61:030112C000000013476.12NMSCNONREF          D. BRIDEAU
:86:991218-5433/5434
:61:030111C000000000250.00NMSCP1234599        A.VAN ELST
:86:KLANT 45675/ FAKTUUR 472470
:61:030111D000000011371.65NMSC444031308       LEKKERLAND NEDERLAND BV
:86:VOLGENS UW OPDRACHT
:86:FAKNR* 531327 FAKDAT* 19032000
:61:030109D000000025000.00NMSCNONREF          SCHRODER GMBH
:86:RECHNUNG 4518
:61:030109C000000000899.00NMSCNONREF          OSTERRODE MODELLBAU
:86:FACTUUR 99579
:61:030111D000000000562.15NMSCNONREF          TUV HANNOVER
:86:FAX 8-1-2000
:61:030112C000000012848.00NMSCNONREF          UNC SOFTWARE GMBH
:86:FACTUUR 99615
:61:030111D000000000456.99NMSCNONREF          EUROPA 2000
:86:ACC.NO. 8235
:61:030109C000000047895.38NMSCNONREF          ART NOUVEAU
:86:INVOICE 4556/3455-3
:61:030111C000000000500.00NMSC345144201       A.J.VAN BUREN
:86:FAKTUUR 472425
:62F:C030109EUR000000061914.51
:64:C030109EUR000000048438.39
:65:C030110EUR000000061914.51
:65:C030112EUR000000390838.66
:65:C030113EUR000000061914.51
:65:C030114EUR000000061914.51
:20:940A030110
:25:1700.59.308EUR
:28:00000/00
:60F:C030106EUR000000022345.10
:62F:C030110EUR000000390838.66
:20:940A030111
:25:1700.59.308EUR
:28:00000/00
:60F:C030107EUR000000001000.00
:62F:C030111EUR000000381467.01
:20:940A030112
:25:1700.59.308EUR
:28:00000/00
:60F:C030108EUR000000061914.51
:62F:C030112EUR000000381544.01
:20:940A030107
:25:1700.59.308JPY
:28:00000/00
:60F:C030106JPY00000000000000.
:62F:D030107JPY00000000115351.
:20:940A030108
:25:1700.59.308JPY
:28:00000/00
:60F:D030107JPY00000000115351.
:62F:C030108JPY00000000000010.
:20:940A030109
:25:1700.59.308JPY
:28:00000/00
:60F:C030108JPY00000000000010.
:61:030112C00000001560395.NMSCNONREF          YAN SO
:86:SEAFREIGHT DECEMBER 1999
:61:030109D00000000348000.NMSCNONREF          TOKYO SPORTS
:86:3938,3756,3812,3896
:61:030109C00000000079734.NMSCNONREF          NED INVESTMENT
:86:INV. 99/11/03-57229
:61:030111D00000000138619.NMSCNONREF          R. DUMONT
:86:INVOICE 723365
:62F:C030109JPY00000000000192.
:64:D030109JPY00000001560385.
:65:C030110JPY00000000000010.
:65:C030113JPY00000000000010.
:65:C030114JPY00000000000010.
:65:C030115JPY00000000000010.
:20:940A030107
:25:1700.59.308USD
:28:00000/00
:60F:C030106USD000000000000.00
:62F:C030107USD000000001500.00
:20:940A030108
:25:1700.59.308USD
:28:00000/00
:60F:C030107USD000000001500.00
:62F:C030108USD000000001500.00
:20:940A030109
:25:1700.59.308USD
:28:00000/00
:60F:C030108USD000000001500.00
:62F:C030109USD000000001500.00
:20:940A030107
:25:3000.91.494EUR
:28:00000/00
:60F:C030106EUR000000000000.00
:62F:D030107EUR000000065499.34
:20:940A030108
:25:3000.91.494EUR
:28:00000/00
:60F:D030107EUR000000065499.34
:62F:D030108EUR000000064254.34
:20:940A030109
:25:3000.91.494EUR
:28:00000/00
:60F:D030108EUR000000064254.34
:61:030112D000000037577.67NMSCNONREF          HEPPENEERT AGRO BVBA
:86:1466/680 569 REF. PA980556 06600+T3
:61:030112D000000024799.50NMSCNONREF          RAIFFEISEN WAREN ZENTRAL
:86:DEM 22.000,00 KRS 112,72500
:86:540299/126706 137293
:86:REF. PA980556 065503+EU
:61:030111C000000001245.00NMSC146835123       FREGO SLEGERS BV
:86:BETALINGSKENM.: FAKTUUR 480012
:62F:D030109EUR000000126631.51
:64:C030109EUR000000060500.00
:65:C030110EUR000000018127.83
:65:C030113EUR000000018127.83
:65:C030114EUR000000018127.83
:65:C030115EUR000000018127.83
:20:940A030107
:25:4324567-0000081EUR
:28:00000/00
:60F:C030106EUR000000000000.00
:62F:C030107EUR000000002545.00
:20:940A030108
:25:4324567-0000081EUR
:28:00000/00
:60F:C030107EUR000000002545.00
:62F:C030108EUR000000002545.00
:20:940A030109
:25:4324567-0000081EUR
:28:00000/00
:60F:C030108EUR000000002545.00
:62F:C030109EUR000000002545.00
:20:940A030107
:25:8888.888.888EUR
:28:00000/00
:60F:C030106EUR000000000000.00
:62F:C030107EUR000000005500.00
:20:940A030108
:25:8888.888.888EUR
:28:00000/00
:60F:C030107EUR000000005500.00
:62F:C030108EUR000000005500.00
:20:940A030109
:25:8888.888.888EUR
:28:00000/00
:60F:C030108EUR000000005500.00
:62F:C030109EUR000000005500.00
