ABNANL2A
940
ABNANL2A
:20:ABN AMRO BANK NV
:25:534334164
:28:35001/1
:60F:C161214EUR1124,58
:61:1612151215C109,65N654NONREF
:86:/TRTP/SEPA OVERBOEKING/IBAN/NL75INGB0001234567/BIC/INGBNL2A/NAME/
HR K XXXXXXX EN/OF MW H XXXXXXX/REMI/RES.NR 00042/EREF/NOTPROV
IDED
:61:1612151215D62,63N247NONREF
:86:/TRTP/SEPA INCASSO ALGEMEEN DOORLOPEND/CSID/NL36ZZZ123456780000
/NAME/XXXXXXXX B.V./MARF/000000059990/REMI//INV/1511682351 1.1
2.2016/IBAN/NL37DEUT0123456789/BIC/DEUTNL2AXXX/EREF/0123456789123
61000
:62F:C161215EUR1171,6
-