ABNANL2A
940
ABNANL2A
:20:ABN AMRO BANK NV
:25:500950253
:28:17501/1
:60F:C090623EUR17369,99
:61:0901010101D203,N369NONREF
:86:BEA               23.06.09/22.22 VILLA DORIA SCHOTEN,PAS590
:61:0901010102D203,N369NONREF
:86:BEA               23.06.09/22.22 VILLA DORIA SCHOTEN,PAS590
:61:0901010201D203,N369NONREF
:86:BEA               23.06.09/22.22 VILLA DORIA SCHOTEN,PAS590
:61:0912310101D203,N369NONREF
:86:BEA               23.06.09/22.22 VILLA DORIA SCHOTEN,PAS590
:62F:C090624EUR17159,49