:20:KONTISTEXPORT
:21:NONREF
:25:DE85110101002482488293
:28C:2021/02
:60F:C210131EUR0,15
:61:2102150215C50,00NTRFNONREF
:86:166?30SPKRDE33XXX?31DE59320500000001908722?32CHRISTIAN BENDT
:61:2102150215C120,00NTRFNONREF
:86:166?20-?30NTSBDEB1XXX?31DE77100110012629052284?32Lucien Schünke
:61:2102170217C95,95NTRFNONREF
:86:166?20Rechnung-Nr.: INV-00002 v. 13.02.21?30MGLSDE33XXX?31DE32334400000003909884?32DM PUTZ + STUCK UG HAFTUNGSBESCHRANKT
:61:2102170217D2,38NDDTNONREF
:86:171?20DE217897, 1 x ATM Gebuehr?30SOBKDEBBXXX?31DE32342121002781508546?32Kontist GmbH
:61:2102170217C250,00NTRFNONREF
:86:166?20INV-00003?30BYLADEM1SRS?31DE112312300000231869660?32WCM UG HAFTUNGSBESCHRÄNKT
:61:2102170217D117,81NDDTNONREF
:86:171?20Kontist Steuerservice, DE642211?30SOBKDEBBXXX?31DE31234561002781508546?32Kontist GmbH
:62F:C210218EUR395,91