{1:F01ASNBNL21XXXX0000000000}{2:O940ASNBNL21XXXXN}{3:}{4:
:20:0000000000
:25:NL53ASNB0781269733
:28C:2/1
:60F:C200102EUR13290,34
:61:2001020102D2000,00NOVBNL29INGB0006475121
j blom
:86:NL29INGB0006475121 j blom
                                                                 
Salaris december 2019                                            
                                                                 
                                                                 
                                                                 
:62F:C200102EUR11290,34
-}{5:}
{1:F01ASNBNL21XXXX0000000000}{2:O940ASNBNL21XXXXN}{3:}{4:
:20:0000000000
:25:NL53ASNB0781269733
:28C:3/1
:60F:C200103EUR11290,34
:62F:C200103EUR11290,34
-}{5:}
{1:F01ASNBNL21XXXX0000000000}{2:O940ASNBNL21XXXXN}{3:}{4:
:20:0000000000
:25:NL53ASNB0781269733
:28C:4/1
:60F:C200104EUR11290,34
:62F:C200104EUR11290,34
-}{5:}
{1:F01ASNBNL21XXXX0000000000}{2:O940ASNBNL21XXXXN}{3:}{4:
:20:0000000000
:25:NL53ASNB0781269733
:28C:5/1
:60F:C200105EUR11290,34
:62F:C200105EUR11290,34
-}{5:}
{1:F01ASNBNL21XXXX0000000000}{2:O940ASNBNL21XXXXN}{3:}{4:
:20:0000000000
:25:NL53ASNB0781269733
:28C:6/1
:60F:C200106EUR11290,34
:62F:C200106EUR11290,34
-}{5:}
{1:F01ASNBNL21XXXX0000000000}{2:O940ASNBNL21XXXXN}{3:}{4:
:20:0000000000
:25:NL53ASNB0781269733
:28C:7/1
:60F:C200107EUR11290,34
:62F:C200107EUR11290,34
-}{5:}
{1:F01ASNBNL21XXXX0000000000}{2:O940ASNBNL21XXXXN}{3:}{4:
:20:0000000000
:25:NL53ASNB0781269733
:28C:8/1
:60F:C200108EUR11290,34
:61:2001080108D61,80NINCNL44ABNA0548041814
multi tank card bv
:86:NL44ABNA0548041814 multi tank card bv
                                                                 
/TRTP/Zakelijke Europese Incasso/CSID/NL36ZZZ340698640000/NAME/MU
LTI TANK CARD BV/MARF/MTC244K/REMI/Relatienummer 1755481/Factuurn
r.7903792-07-01-2020/B.t.w. bedrag 10.73/Inzake geleverde dienste
n/IBAN/NL44ABNA0548041814/BIC/ABNANL2A/EREF/1755481/5570         
:61:2001080108D19,98NINCDE88500700100175526303
paypal (europe) s.a.r.l. et 
:86:DE88500700100175526303 paypal (europe) s.a.r.l. et 
                                                                 
Europese incasso: 1007661686629 PAYPAL-Incassant ID: LU96ZZZ00000
00000000000058-Kenmerk Machtiging: 5AL2224WXTEZC-1007661686629 PP
 AFSCHRIJVING                                                    
                                                                 
:62F:C200108EUR11208,56
-}{5:}
