{1:F01BTRLRO22AXXX1111111111}{2:I940BTRLRO22XXXXN}{3:{108:005MSOG2109700AI}}{4:
:20:005RONCRT0072583603
:25:RO21BTRLRONCRT0072583603
:28C:00004/00001
:60F:C210406RON0,
:61:2104060406C980,42FTRFNONREF//005z001210960373
:86:Card 5487-6174 ID005696ER 04/04/21 Ora 22:44:12 RRN 005481058051
ECOMM 551 Plata factura DV - 20666 - 723121
Data entry carduri REF. 005z001210960373
:61:2104060406C418,37FTRFNONREF//005z001210960481
:86:Card 5299-2132 ID005696ER 05/04/21 Ora 08:14:25 RRN 005481324613
:86:transf in ct.crt
Transfer intern - canal electronic REF. 405ECIT210960154
:62F:C210406RON0,
:64:C210406RON0,00
-}
