:20:1352294232659/1
:25:TRIODOSBANK/0666666666
:28:1
:60F:C121123EUR1000,00
:61:121123D10,00NIT NONREF
:86:000>100555555555
>20TENAAMSTELLING TEGENREKENIN>21G EN ADRES TEGENREKENING EN
>22 PLAATS TEGENREKENING EN EE>23N LANGE OMSCHRIJVING VAN DE
>24 TRANSACTIE
>310666666666
:61:121123D250,00NAC NONREF
:86:000>100555555555
>20TENAAMSTELLING TEGENREKENIN>21G 1111222233334444
>310666666666
:61:121123C150,00NET NONREF
:86:000>100000000000
>20BBBBAA2U
>21AA99BBBB0555555555
>22TENAAMSTELLING TEGENREKENIN>23G EN ADRES TEGENREKENING EN
>24 PLAATS TEGENREKENING EN EE>25N LANGE OMSCHRIJVING VAN DE
>26 TRANSACTIE
>310666666666
:61:121123D40,00NET NONREF
:86:000>100000000000
>20BBBBAA2U
>21AA99BBBB0555555555
>22TENAAMSTELLING TEGENREKENIN>23G EN ADRES TEGENREKENING EN
>24 PLAATS TEGENREKENING EN EE>25N LANGE OMSCHRIJVING VAN DE
>26 TRANSACTIE 111122223333444>274
>310666666666
:62F:C121123EUR850,00
-
:20:1352294232659/2
:25:TRIODOSBANK/0999999999
:28:1
:60F:C121123EUR950,12
:61:121123D8,95NIT NONREF
:86:000>100888888888
>20TENAAMSTELLING TEGENREKENIN>21G EN ADRES TEGENREKENING EN
>22 PLAATS TEGENREKENING EN EE>23N LANGE OMSCHRIJVING VAN DE
>24 TRANSACTIE
>310999999999
:61:121123D25,25NAC NONREF
:86:000>100888888888
>20TENAAMSTELLING TEGENREKENIN>21G 1111222233334444
>310999999999
:61:121123C150,00NET NONREF
:86:000>100000000000
>20BBBBAA2U
>21AA99BBBB0888888888
>22TENAAMSTELLING TEGENREKENIN>23G EN ADRES TEGENREKENING EN
>24 PLAATS TEGENREKENING EN EE>25N LANGE OMSCHRIJVING VAN DE
>26 TRANSACTIE
>310999999999
:61:121123D56,78NET NONREF
:86:000>100000000000
>20BBBBAA2U
>21AA99BBBB0888888888
>22TENAAMSTELLING TEGENREKENIN>23G EN ADRES TEGENREKENING EN
>24 PLAATS TEGENREKENING EN EE>25N LANGE OMSCHRIJVING VAN DE
>26 TRANSACTIE 111122223333444>274
>310999999999
:62F:C121123EUR1009,14
-