:20:PENTA1602951605571
:21:NONREF
:25:11010100/2324817618
:28C:1
:60F:C200930EUR20419,66
:61:2009020902D20,00NONREF
:86:999SEPA_STANDING_ORDER:Unkostenbeitrag Starterkitchen Ines Neumann Off The Beaten Track:Campus Business Box e.V.:DE85213581701400076509
:61:2009020902D20,00NONREF
:86:999SEPA_STANDING_ORDER:Unkosten Jens Bahr Off The Beaten Track:Campus Business Box e.V.:DE85213581701400076509
:61:2009030903C11,25NONREF
:86:999SEPA_CREDIT_TRANSFER:CCI : 0150577373,PURPOSE:DEVELOPER PROCEEDS,HOPPA:HOPPA Inc:GB29DEUT40333124517700:PRODUKTVERKAUF AWAKE
:61:2009030904D1,43NONREF
:86:999PURCHASE:SEVAN EMEA, test.sevan.co:AWS EMEA:XX95110103300013451000
:61:2009070907D6,11NONREF
:86:999DIRECT_DEBIT:RG-2020-00124953 PENTA Fintech GmbH:Penta Fintech GmbH:DE36110101002052879182:GEBUEHREN
:61:2009070907D58,00NONREF
:86:999SEPA_CREDIT_TRANSFER:Rechnung Nr 7983:SRB Steuerberatungsgesellschaft mbH:DE70210512750155069677
:61:2009070907D0,00NONREF
:86:999OTHER:Ihr Verifizierungscode: 423782
Geben Sie Ihren Code im solarisBank PSD2 Portal ein, um Ihr Bankkonto zu verifizieren.:solarisBank:DE52443101002324817618
:61:2009070908D7,64NONREF
:86:999PURCHASE:UNITY, DUBLIN:UNITY:XX95110103300013451000
:61:2009090910D312,09NONREF
:86:999PURCHASE:FAVRO AB, UPPSALA:FAVRO AB:XX95110103300013451000
:61:2009110911D668,25NONREF
:86:999DIRECT_DEBIT:STEUERNR 020/299/48189 LOHNST AUG.20 668,25EUR:Finanzamt Kiel:DE80200000000020654516
:61:2009110911D38,80NONREF
:86:999SEPA_CREDIT_TRANSFER:Reisekostenerstattung 4 mal 2,70 Euro und 1 mal 28 Euro:Hamza Bandau:DE04244445501261509986
:61:2009120914D96,90NONREF
:86:999PURCHASE:UNITY, DUBLIN:UNITY:XX95110103300013451000
:61:2009120914D13,40NONREF
:86:999PURCHASE:UNITY, DUBLIN:UNITY:XX95110103300013451000
:61:2009140915D17,42NONREF
:86:999PURCHASE:UNITY, DUBLIN:UNITY:XX95110103300013451000
:61:2009160916D56,00NONREF
:86:999SEPA_CREDIT_TRANSFER:Schleswig-Holstein Ticket am 31.08. und 10.09.:Hamza Bandau:DE04200505501261509986
:61:2009170917D48,77NONREF
:86:999DIRECT_DEBIT:Ihre Rechnung nc-1622042 vom 15.09.2020 VIELEN DANK:netcup GmbH:DE45660501010108057068
:61:2009170917C108,88NONREF
:86:999SEPA_CREDIT_TRANSFER:ERSTATT.20/299/48189 UMS.ST AUG.20 108,88 EUR:Finanzamt Kiel Erhebungsstelle:DE80200000000020201516:FINANZAMT
:61:2009180921D900,00NONREF
:86:999SEPA_CREDIT_TRANSFER:Lohn und Bonuszahlung September 2020:Jannik Topaz:DE12217500000140073922
:61:2009180921D408,15NONREF
:86:999SEPA_CREDIT_TRANSFER:Lohn September 2020:Felix Neumann:DE30257500010168586063
:61:2009180921D433,80NONREF
:86:999SEPA_CREDIT_TRANSFER:Lohn September 2020:David Skiba:DE65120300001032280917
:61:2009180921D2526,08NONREF
:86:999SEPA_CREDIT_TRANSFER:Lohn September 2020:Jens-Uwe Bahr:DE79200411110101467900
:61:2009180921D2023,68NONREF
:86:999SEPA_CREDIT_TRANSFER:Lohn September 2020:Sevan Bandau:DE04200656501261509986
:61:2009240925D6,70NONREF
:86:999PURCHASE:UNITY, DUBLIN:UNITY:XX95110103300013451000
:61:2009250925D348,00NONREF
:86:999SEPA_CREDIT_TRANSFER:Rechnung 34753183 gamescom Off The Beaten Track Kundennr 42036732:Koelnmesse GmbH:DE94370900600124543000
:61:2009280928D431,83NONREF
:86:999DIRECT_DEBIT:9006670591 OB-86811586 EUR 431,83 BEITRAG 0920 - 0920:Knappschaft-Bahn-See:DE24300500000001056471
:61:2009280928D1141,63NONREF
:86:999DIRECT_DEBIT:Beitraege 01.09.2020 - 30.09.2020 86811586 1141.63:DAK-Gesundheit:DE04653412040124096800
:61:2009280928D95,67NONREF
:86:999DIRECT_DEBIT:Beitraege 01.09.2020 - 30.09.2020 86811586 95.67:Energie - BKK:DE24250700700011446200
:61:2009290929C1,25NONREF
:86:999SEPA_CREDIT_TRANSFER:FCS000539813052 PAYMENT-NUM 1 385766690 POP GOODS AND SERVIC ES:BANK OF CHINA NA:DE93500107570095679081
:61:2009300930D1000,00NONREF
:86:999DIRECT_DEBIT:Festv. 3. Qu. 2020 Mikro II Debnr Rgnr 11053-1-6092176-1000,00:MBG Mittelstandische Beteiligungsgesellschaft Schleswig-Holstein mbH:DE81210501701002576443
:61:2009300930D17,33NONREF
:86:999DIRECT_DEBIT:4649.6093.0506 Haufe Service Center GmbH:Haufe Service Center GmbH:DE11672400390191115511
:62F:C200930EUR9843,36