0000 01INGBNL2AXXXX00001
0000 01INGBNL2AXXXX00001
940 00
:20:MPBZ
:25:0000000000
:28C:100
:60F:C100722EUR0,00
:61:100722C25,03NOV NONREF
:86:0111111111 ING Bank N.V. inzake TEST
EJ004GREENP29052010T1137
:61:100722D3,03NOV NONREF
:86:0111111111 GPSEOUL
SPOEDBETALING MPBZS1016000047 GPSEOUL
:61:100722D1,11NGT TMG TANGO
:86:0111111111 ING iDEAL
KN: TMG TANGO TRANSACTIENR 0050000534527978
10­06­2010 15:32
TMG TANGO ING Bank inzake GPKyoto
:61:100722D20,00NGM NONREF
:86: ABN AMRO BANK>AMSTERDAM S1P468
22­07­2010 09:57 002 5595781
:61:100722D1,10NGT NONREF
:86:0111111111 GPPeking
170000001AC
:61:100722C3,68NVZ NONREF
:86:0111111111 EJ46GREENP100610T1456
CLIEOP TMG GPHONGKONG AMSTERDAM
:62F:C100723EUR3,47
:86:D000004C000002D25,24C28,71
­XXX