{1:F01ZEIBNGLAXXXX0000000000}{2:I940ZEIBNGLAXXXXN}{4:
:20:202012182126594
:25:1014365930  
:28C: /1
:60F:C201218NGN6213,05
:61:2011301130CN220000,00//19239782213
:86:11302020-TRANSFER-PAYROLL// TRF TO COZ INTERNET LTD SALARY (PAYROLL)
:61:2011301130DN43000,00//19239810200
:86:1001-NOVEMBER-WAGES// TRF TO FRANK JOHN
:61:2011301130DN38926,67//19239817156
:86:1012-NOVEMBER-WAGES// TRF TO DOE   ABEL
:61:2011301130DN38926,67//19239826062
:86:1017-NOVEMBER-WAGES// TRF TO BLESSING KENEKENI NENEKAKIK
:61:2011301130DN38926,67//19239841715
:86:1019-NOVEMBER-WAGES// TRF TO GLORY HPHAKYALALA ADUGBO
:61:2011301130DN29486,67//19239848565
:86:1021-NOVEMBER-WAGES// TRF TO JACK DAVID EFOMA
:61:2011301130DN34237,00//19239854701
:86:1022-NOVEMBER-WAGES// TRF TO HASAN   FURAK
:61:2011301130DN240,23//19245574932
:86:Acct Maint. Fee + VAT
:62F:C201130NGN2469,14
:86:ZENITH BANK PLC
-}
