0000 01INGBNL2AXXXX00001
0000 01INGBNL2AXXXX00001
940 00
:20:INGEB
:25:0111111111
:28C:100
:60F:C100722EUR44,89
:61:100722C0,56N078NONREF
:86:0111111111 V. DE JONG KERKSTRAAT 1154 1234 BW
ENSCHEDE BET.KENM. 1004510036716378 3305330802
AFLOSSINGSTERMIJN 188616 / 1E TERMIJN
:61:100722C10,45N077NONREF
:86:0111111111 CUSTOMER NL SPOEDBETALING
GE2009120212345
RE091202­3737 /RFB/NL­FMI­021209 NL­FMI­021209
VOORSCHOT
COMMISSIE
:61:100722D10000,99N029NONREF
:86:VERZAMELBETALING BATCH­ID: 012345 TOTAAL 198
POSTEN
:62F:D100723EUR9945,09
:64:D100723EUR9945,09
:65:D100724EUR9945,09
:65:D100726EUR9945,09
:86 :D000001C000002D10000,99C11,01
ING TESTREKENING
­XXX