:20:AIU0006362100017
:25:808XXXXXX292
:28C:00001/00001
:60F:C120329HKD0,00
:61:1203290329DD20000,00NTRF1004688128      //6128522200250001
:86:/OCMT/USD2853,12/
PAYMENT OF INVOICES 204011665 20401 1687
/OGB/WXXXXX BANKING CORPORATION /VA/123456XXXXXX
BENEFICIARY INFO
:62F:C120329HKD0,00
:64:C120329HKD0,00
:86:/OSDR/HSBCHKHH
-
